@misc{_2016_gaps,
  author = {, GAPS},
  title = {"{GAPS} {G}eneral {A}ntiparticle {S}pectrometer"},
  url = {https://gaps1.astro.ucla.edu/gaps/index.html},
  urldate = {2022-05-21},
  year = {2016},
  organization = {gaps1.astro.ucla.edu}
}

@book{scotsakis_2006_cosmological,
  author = {S Cotsakis and E Papantonopoulos},
  publisher = {Springer},
  title = {Cosmological crossroads: an advanced course in mathematical, physical and string cosmology.},
  url = {https://link.springer.com/book/10.1007/3-540-48025-0},
  urldate = {2022-05-21},
  year = {2006}
}

@article{aramaki_2016_review,
  author = {Aramaki, T. and Boggs, S. and Bufalino, S. and Dal, L. and von Doetinchem, P. and Donato, F. and Fornengo, N. and Fuke, H. and Grefe, M. and Hailey, C. and Hamilton, B. and Ibarra, A. and Mitchell, J. and Mognet, I. and Ong, R.A. and Pereira, R. and Perez, K. and Putze, A. and Raklev, A. and Salati, P. and Sasaki, M. and Tarle, G. and Urbano, A. and Vittino, A. and Wild, S. and Xue, W. and Yoshimura, K.},
  month = {03},
  pages = {1-37},
  title = {Review of the theoretical and experimental status of dark matter identification with cosmic-ray antideuterons},
  doi = {10.1016/j.physrep.2016.01.002},
  urldate = {2022-05-21},
  volume = {618},
  year = {2016},
  journal = {Physics Reports}
}

@article{aghanim_2019_planck,
  author = {Aghanim, N. and Akrami, Y. and Arroja, F. and Ashdown, M. and Aumont, J. and Baccigalupi, C. and Ballardini, M. and Banday, A. J. and Barreiro, R. B. and Bartolo, N. and Basak, S. and Battye, R. and Benabed, K. and Bernard, J.-P. and Bersanelli, M. and Bielewicz, P. and Bock, J. J. and Bond, J. R.},
  month = {10},
  title = {Planck 2018 results. I. Overview and the cosmological legacy of Planck},
  doi = {10.1051/0004-6361/201833880},
  urldate = {2019-11-14},
  year = {2019},
  journal = {Astronomy & Astrophysics}
}

@article{feng_2010_dark,
  author = {Feng, Jonathan L.},
  month = {08},
  pages = {495-545},
  title = {Dark Matter Candidates from Particle Physics and Methods of Detection},
  doi = {10.1146/annurev-astro-082708-101659},
  volume = {48},
  year = {2010},
  journal = {Annual Review of Astronomy and Astrophysics}
}

@article{doetinchem_2020_cosmicray,
  author = {Doetinchem, P. von and Perez, K. and Aramaki, T. and Baker, S. and Barwick, S. and Bird, R. and Boezio, M. and Boggs, S.E. and Cui, M. and Datta, A. and Donato, F. and Evoli, C. and Fabris, L. and Fabbietti, L. and Bueno, E. Ferronato and Fornengo, N. and Fuke, H. and Gerrity, C. and Coral, D. Gomez and Hailey, C. and Hooper, D. and Kachelriess, M. and Korsmeier, M. and Kozai, M. and Lea, R. and Li, N. and Lowell, A. and Manghisoni, M. and Moskalenko, I.V. and Munini, R. and Naskret, M. and Nelson, T. and Ng, K.C.Y. and Nozzoli, F. and Oliva, A. and Ong, R.A. and Osteria, G. and Pierog, T. and Poulin, V. and Profumo, S. and Pöschl, T. and Quinn, S. and Re, V. and Rogers, F. and Ryan, J. and Saffold, N. and Sakai, K. and Salati, P. and Schael, S. and Serksnyte, L. and Shukla, A. and Stoessl, A. and Tjemsland, J. and Vannuccini, E. and Vecchi, M. and Winkler, M.W. and Wright, D. and Xiao, M. and Xu, W. and Yoshida, T. and Zampa, G. and Zuccon, P.},
  month = {08},
  pages = {035-035},
  title = {Cosmic-ray antinuclei as messengers of new physics: status and outlook for the new decade},
  doi = {10.1088/1475-7516/2020/08/035},
  urldate = {2021-11-15},
  volume = {2020},
  year = {2020},
  journal = {Journal of Cosmology and Astroparticle Physics}
}

@article{aramaki_2012_development,
  author = {Aramaki, T. and Chan, S.K. and Hailey, C.J. and Kaplan, P.A. and Krings, T. and Madden, N. and Protić, D. and Ross, C.},
  month = {08},
  pages = {90-96},
  title = {Development of large format Si(Li) detectors for the GAPS dark matter experiment},
  doi = {10.1016/j.nima.2012.04.054},
  urldate = {2022-06-13},
  volume = {682},
  year = {2012},
  journal = {Nuclear Instruments and Methods in Physics Research Section A: Accelerators, Spectrometers, Detectors and Associated Equipment}
}

@article{mori_2002_a,
  author = {Mori, Kaya and Hailey, Charles J. and Baltz, Edward A. and Craig, William W. and Kamionkowski, Marc and Serber, William T. and Ullio, Piero},
  month = {02},
  pages = {604-616},
  title = {A Novel Antimatter Detector Based on X‐Ray Deexcitation of Exotic Atoms},
  doi = {10.1086/338057},
  urldate = {2022-06-19},
  volume = {566},
  year = {2002},
  journal = {The Astrophysical Journal}
}

@article{aramaki_2014_potential,
  author = {Aramaki, T. and Boggs, S.E. and von Doetinchem, P. and Fuke, H. and Hailey, C.J. and Mognet, S.A.I. and Ong, R.A. and Perez, K. and Zweerink, J.},
  month = {07},
  pages = {12-17},
  title = {Potential for precision measurement of low-energy antiprotons with GAPS for dark matter and primordial black hole physics},
  doi = {10.1016/j.astropartphys.2014.03.011},
  urldate = {2022-06-19},
  volume = {59},
  year = {2014},
  journal = {Astroparticle Physics}
}

@misc{re_2022_a,
  author = {Re, V. and Ghislotti, L. and Lazzaroni, P. and Manghisoni, M. and Riceputi, E. and Ratti, L. and Boezio, M. and Zampa, G. and Fabris, L.},
  month = {05},
  title = {A 32-channels mixed-signal Processor for the Tracking System of the GAPS Experiment},
  url = {https://agenda.infn.it/event/22092/contributions/167321/attachments/91411/124353/Re_Elba_2022.pdf},
  year = {2022},
  organization = {15th Pisa Meeting on Advanced Detectors}
}

@article{rogers_2019_largearea,
  author = {Rogers, F and Xiao, M and Perez, K.M and Boggs, S and Erjavec, T and Fabris, L and H. Fuke and Hailey, C.J and M. Kozai and Lowell, A and Madden, N and M. Manghisoni and McBride, S and Re, V and E. Riceputi and Saffold, N and Shimizu, Y},
  number = {10},
  pages = {P10009–P10009},
  publisher = {IOP Publishing},
  title = {Large-area Si(Li) detectors for X-ray spectrometry and particle tracking in the GAPS experiment},
  doi = {10.1088/1748-0221/14/10/p10009},
  url = {https://doi.org/10.1088/1748-0221/14/10/p10009},
  volume = {14},
  year = {2019},
  journal = {Journal of Instrumentation}
}

@book{spieler_2014_semiconductor,
  author = {Spieler, Helmuth},
  publisher = {Oxford University Press},
  title = {Semiconductor detector systems},
  year = {2014}
}

@article{okazaki_2014_development,
  author = {Okazaki, Shun and Fuke, Hideyuki and Miyazaki, Yoshiro and Ogawa, Hiroyuki},
  month = {11},
  title = {Development of Meter-Scale U-Shaped and O-Shaped Oscillating Heat Pipes for GAPS},
  doi = {10.1142/s2251171714400042},
  urldate = {2022-06-19},
  volume = {03},
  year = {2014},
  journal = {Journal of Astronomical Instrumentation}
}

@book{klapdorkleingrothaus_2018_lepton,
  author = {Klapdor-Kleingrothaus, H V and Krivosheina, I V and On, Symposium},
  publisher = {Crc Press},
  title = {Lepton and baryon number violation in particle physics, astrophysics, and cosmology : proceedings of the First International Symposium on Lepton and Baryon Number Violation (Lepton-Baryon 98), European Centre for Theoretical Physics, Trento, Italy, 20-25 April 1998},
  year = {2018}
}

@article{uretsky_1997_penetration,
  author = {Uretsky, Jack L.},
  month = {11},
  pages = {285-300},
  title = {Penetration of cosmic ray muons into the Earth},
  doi = {10.1016/s0168-9002(97)00996-0},
  urldate = {2022-07-14},
  volume = {399},
  year = {1997},
  journal = {Nuclear Instruments and Methods in Physics Research Section A: Accelerators, Spectrometers, Detectors and Associated Equipment}
}

@misc{marzena_2017_cms,
  author = {Marzena, Lapka},
  month = {08},
  title = {CMS Knowledge Transfer: Cosmic rays},
  url = {https://cds.cern.ch/images/CMS-PHO-GEN-2017-008-1},
  year = {2017},
  organization = {CERN Accelerating science}
}

@article{bonomi_2020_applications,
  author = {Bonomi, G. and Checchia, P. and D'Errico, M. and Pagano, D. and Saracino, G.},
  month = {05},
  pages = {103768},
  title = {Applications of cosmic-ray muons},
  doi = {10.1016/j.ppnp.2020.103768},
  url = {https://www.sciencedirect.com/science/article/abs/pii/S0146641020300156#:~:text=Cosmic%2Dray%20muons%20is%20a},
  urldate = {2021-07-26},
  volume = {112},
  year = {2020},
  journal = {Progress in Particle and Nuclear Physics}
}

@article{tanabashi_2018_review,
  author = {Tanabashi, M. and Hagiwara, K. and Hikasa, K. and Gallagher, H. and Hanhart, C.},
  month = {08},
  title = {Review of Particle Physics},
  doi = {10.1103/physrevd.98.030001},
  url = {http://inspirehep.net/record/1688995/},
  volume = {98},
  year = {2018},
  journal = {Physical Review D}
}

@article{iakovidis_2018_vmm,
  author = {Iakovidis, George},
  editor = {Dalla Torre, S. and Gobbo, B. and Levorato, S. and Ropelewski, L. and Tessarotto, F.},
  pages = {07001},
  title = {VMM - An ASIC for Micropattern Detectors},
  doi = {10.1051/epjconf/201817407001},
  urldate = {2022-07-15},
  volume = {174},
  year = {2018},
  journal = {EPJ Web of Conferences}
}

@misc{bocci_2015_particle,
  author = {Bocci, Valerio},
  publisher = {sites.google.com},
  title = {Particle detectors},
  url = {https://sites.google.com/view/particle-detectors/home?authuser=0},
  urldate = {2022-07-17},
  year = {2015},
  organization = {Particle Detectors}
}

@misc{bocci_2022_ardusipm,
  author = {Bocci, Valerio},
  month = {04},
  title = {ArduSipm shortcut2022.pdf},
  url = {https://drive.google.com/file/d/1gFg-FgYeqFQ6SdcujXFuUmrVaqbBMMBq/view?usp=sharing},
  urldate = {2022-07-17},
  year = {2022},
  organization = {Google Docs}
}

@article{krummenacher_1991_pixel,
  author = {Krummenacher, F.},
  month = {08},
  pages = {527-532},
  title = {Pixel detectors with local intelligence: an IC designer point of view},
  doi = {10.1016/0168-9002(91)90152-g},
  urldate = {2021-08-30},
  volume = {305},
  year = {1991},
  journal = {Nuclear Instruments and Methods in Physics Research Section A: Accelerators, Spectrometers, Detectors and Associated Equipment}
}

@article{manghisoni_2018_dynamic,
  author = {Manghisoni, Massimo and Comotti, Daniele and Gaioni, Luigi and Ratti, Lodovico and Re, Valerio},
  month = {01},
  pages = {636-644},
  title = {Dynamic Compression of the Signal in a Charge Sensitive Amplifier: Experimental Results},
  doi = {10.1109/tns.2017.2784095},
  urldate = {2022-07-25},
  volume = {65},
  year = {2018},
  journal = {IEEE Transactions on Nuclear Science}
}

@article{re_2022_b,
  author = {Re, Valerio and Ghislotti, Luca and Lazzaroni, Paolo and Manghisoni, Massimo and Riceputi, Elisa and Ratti, Lodovico and Boezio, Mirko and Zampa, Gianluigi and Fabris, Lorenzo},
  title = {A mixed-signal Processor for X-ray Spectrometry and Tracking in the GAPS Experiment},
  year = {2022},
  journal = {Nuclear Inst. and Methods in Physics Research,}
}

@misc{deangelis_2012_domenico,
  author = {De Angelis, Alessandro},
  month = {07},
  title = {Domenico Pacini and the origin of cosmic rays},
  url = {https://cerncourier.com/a/domenico-pacini-and-the-origin-of-cosmic-rays/},
  year = {2012},
  organization = {CERN Courier}
}

@book{alessandrodeangelis_2012_lenigma,
  author = {Alessandro De Angelis},
  publisher = {Springer},
  title = {L'enigma dei raggi cosmici: le più grandi energie dell'universo},
  year = {2012}
}

@misc{allkofer_1975_the,
  author = {Allkofer, O. C. and Carstensen, K. and Dau, W. D. and Jokisch, H.},
  month = {06},
  publisher = {Journal of Physics G: Nuclear Physics},
  title = {The absolute cosmic ray flux at sea level Related content},
  url = {https://wwwusers.ts.infn.it/~rui/univ/Acquisizione_Dati/Lezioni/VII%20-%20Coincidence%20Curve/O_C_Allkofer_1975_J._Phys._G__Nucl._Phys._1_005.pdf},
  urldate = {2022-08-14},
  year = {1975},
  organization = {Istituto Nazionale di Fisica Nucleare Sezione di Trieste}
}

@misc{agencyfortoxicsubstancesanddiseaseregistry_2004_chemical,
  author = {Agency for Toxic Substances and Disease Registry},
  month = {06},
  title = {CHEMICAL, PHYSICAL, and RADIOLOGICAL INFORMATION of AMERICIUM},
  url = {https://www.atsdr.cdc.gov/toxprofiles/tp156-c4.pdf},
  urldate = {2022-09-03},
  year = {2004},
  organization = {https://www.atsdr.cdc.gov/}
}